<?xml version="1.0" encoding="UTF-8"?>
<!DOCTYPE KMYMONEY-FILE>
<KMYMONEY-FILE>
  <FILEINFO>
    <CREATION_DATE date="2023-10-14"/>
    <LAST_MODIFIED_DATE date="2025-10-03T11:25:34+02:00"/>
    <VERSION id="1"/>
    <FIXVERSION id="9"/>
    <APPVERSION id="5.2.1-c9bd024"/>
  </FILEINFO>
  <USER name="John Doe" email="">
    <ADDRESS street="" city="" state="" zip="" telephone="" country="" county="" zipcode="" postcode=""/>
  </USER>
  <INSTITUTIONS>
    <INSTITUTION id="I000001" name="RaiBa" manager="" sortcode="">
      <ADDRESS street="" city="" state="" zip="" telephone="" country="" county="" zipcode="" postcode=""/>
      <ACCOUNTIDS>
        <ACCOUNTID id="A000004"/>
        <ACCOUNTID id="A000005"/>
        <ACCOUNTID id="A000062"/>
      </ACCOUNTIDS>
    </INSTITUTION>
    <INSTITUTION id="I000002" name="My Gibberish Bank" manager="" sortcode="666">
      <ADDRESS street="Gibby St" city="Gibbon City" state="" zip="E23Q452" telephone="+1 - 44 - 1234" country="" county="" zipcode="E23Q452" postcode="E23Q452"/>
      <ACCOUNTIDS/>
      <KEYVALUEPAIRS>
        <PAIR key="bic" value="TMBQBHDGXXX"/>
        <PAIR key="url" value="gibberish.com"/>
      </KEYVALUEPAIRS>
    </INSTITUTION>
  </INSTITUTIONS>
  <PAYEES>
    <PAYEE id="P000001" name="Eingang" reference="" email="" matchingenabled="0">
      <ADDRESS street="" city="" state="" zip="" telephone="" country="" county="" zipcode="" postcode=""/>
    </PAYEE>
    <PAYEE id="P000002" name="Gehalt" reference="" email="" matchingenabled="0" idpattern="asdf" urltemplate="sdfg">
      <ADDRESS street="" city="" state="" zip="" telephone="" country="" county="" zipcode="" postcode=""/>
    </PAYEE>
    <PAYEE id="P000003" name="Geldautomat" reference="" email="" matchingenabled="0">
      <ADDRESS street="" city="" state="" zip="" telephone="" country="" county="" zipcode="" postcode=""/>
    </PAYEE>
    <PAYEE id="P000004" name="Eröffnungssaldo" reference="" email="" matchingenabled="0">
      <ADDRESS street="" city="" state="" zip="" telephone="" country="" county="" zipcode="" postcode=""/>
    </PAYEE>
    <PAYEE id="P000005" name="Fürchtegott Schnorzelmöller" reference="" email="fuerchtegott.schnorzelmoeller@prater.at" notes="Pezi-Bär von der Urania kennt ihn gut" matchingenabled="0">
      <ADDRESS street="Krailbacher Gasse 123 a&#10;Postfach ABC&#10;Kennwort Kasperlpost" city="Wien" state="Österreich" zip="1136" telephone="+43 - 12 - 277278279" country="Österreich" county="Österreich" zipcode="1136" postcode="1136"/>
    </PAYEE>
    <PAYEE id="P000006" name="Unfug &amp; Quatsch" reference="" email="" matchingenabled="0">
      <ADDRESS street="" city="" state="" zip="" telephone="" country="" county="" zipcode="" postcode=""/>
    </PAYEE>
    <PAYEE id="P000007" name="Vermietomat GmbH" reference="" email="" matchingenabled="0">
      <ADDRESS street="" city="" state="" zip="" telephone="" country="" county="" zipcode="" postcode=""/>
    </PAYEE>
    <PAYEE id="P000008" name="Haushaltsgeld" reference="" email="" matchingenabled="0">
      <ADDRESS street="" city="" state="" zip="" telephone="" country="" county="" zipcode="" postcode=""/>
    </PAYEE>
    <PAYEE id="P000009" name="Hubers Laden" reference="" email="" matchingenabled="1" usingmatchkey="1" matchignorecase="1" matchkey="Läden in der Gegend&#10;Kiosk Sesamstrasse">
      <ADDRESS street="" city="" state="" zip="" telephone="" country="" county="" zipcode="" postcode=""/>
    </PAYEE>
  </PAYEES>
  <COSTCENTERS/>
  <TAGS>
    <TAG id="G000001" name="froufrou" closed="0" tagcolor="#ff0000" notes="Never without my Frou-Frou"/>
    <TAG id="G000002" name="frifri" closed="0" tagcolor="#00aa00" notes="All the world of Fri-Fri"/>
    <TAG id="G000003" name="kiki" closed="0" tagcolor="#000000"/>
  </TAGS>
  <ACCOUNTS>
    <ACCOUNT id="AStd::Asset" parentaccount="" lastreconciled="" lastmodified="" institution="" opened="" number="" type="9" name="Anlagen" description="" currency="EUR">
      <SUBACCOUNTS>
        <SUBACCOUNT id="A000002"/>
        <SUBACCOUNT id="A000061"/>
      </SUBACCOUNTS>
    </ACCOUNT>
    <ACCOUNT id="AStd::Liability" parentaccount="" lastreconciled="" lastmodified="" institution="" opened="" number="" type="10" name="Verbindlichkeiten" description="" currency="EUR">
      <SUBACCOUNTS>
        <SUBACCOUNT id="A000058"/>
      </SUBACCOUNTS>
    </ACCOUNT>
    <ACCOUNT id="AStd::Expense" parentaccount="" lastreconciled="" lastmodified="" institution="" opened="" number="" type="13" name="Ausgabe" description="" currency="EUR">
      <SUBACCOUNTS>
        <SUBACCOUNT id="A000006"/>
        <SUBACCOUNT id="A000011"/>
        <SUBACCOUNT id="A000012"/>
        <SUBACCOUNT id="A000014"/>
        <SUBACCOUNT id="A000015"/>
        <SUBACCOUNT id="A000016"/>
        <SUBACCOUNT id="A000017"/>
        <SUBACCOUNT id="A000018"/>
        <SUBACCOUNT id="A000019"/>
        <SUBACCOUNT id="A000022"/>
        <SUBACCOUNT id="A000023"/>
        <SUBACCOUNT id="A000030"/>
        <SUBACCOUNT id="A000034"/>
        <SUBACCOUNT id="A000039"/>
        <SUBACCOUNT id="A000042"/>
        <SUBACCOUNT id="A000072"/>
      </SUBACCOUNTS>
    </ACCOUNT>
    <ACCOUNT id="AStd::Income" parentaccount="" lastreconciled="" lastmodified="" institution="" opened="" number="" type="12" name="Einnahme" description="" currency="EUR">
      <SUBACCOUNTS>
        <SUBACCOUNT id="A000049"/>
        <SUBACCOUNT id="A000052"/>
        <SUBACCOUNT id="A000053"/>
        <SUBACCOUNT id="A000068"/>
      </SUBACCOUNTS>
    </ACCOUNT>
    <ACCOUNT id="AStd::Equity" parentaccount="" lastreconciled="" lastmodified="" institution="" opened="" number="" type="16" name="Eigenkapital" description="" currency="EUR"/>
    <ACCOUNT id="A000002" parentaccount="AStd::Asset" lastreconciled="" lastmodified="" institution="" opened="2023-10-14" number="" type="9" name="Barvermögen" description="" currency="EUR">
      <SUBACCOUNTS>
        <SUBACCOUNT id="A000003"/>
        <SUBACCOUNT id="A000004"/>
        <SUBACCOUNT id="A000005"/>
      </SUBACCOUNTS>
    </ACCOUNT>
    <ACCOUNT id="A000003" parentaccount="A000002" lastreconciled="" lastmodified="2023-12-09" institution="" opened="2023-10-14" number="" type="3" name="Bargeld" description="" currency="EUR">
      <SUBACCOUNTS>
        <SUBACCOUNT id="A000065"/>
        <SUBACCOUNT id="A000066"/>
      </SUBACCOUNTS>
    </ACCOUNT>
    <ACCOUNT id="A000004" parentaccount="A000002" lastreconciled="" lastmodified="2025-03-01" institution="I000001" opened="2023-01-01" number="" type="1" name="Giro RaiBa" description="Girokonto 1" currency="EUR">
      <KEYVALUEPAIRS>
        <PAIR key="lastNumberUsed" value="1"/>
      </KEYVALUEPAIRS>
    </ACCOUNT>
    <ACCOUNT id="A000005" parentaccount="A000002" lastreconciled="" lastmodified="" institution="I000001" opened="2023-10-14" number="" type="1" name="Spar RaiBa" description="" currency="EUR"/>
    <ACCOUNT id="A000006" parentaccount="AStd::Expense" lastreconciled="" lastmodified="" institution="" opened="1900-01-01" number="" type="13" name="Bildung" description="" currency="EUR">
      <SUBACCOUNTS>
        <SUBACCOUNT id="A000007"/>
        <SUBACCOUNT id="A000008"/>
        <SUBACCOUNT id="A000009"/>
        <SUBACCOUNT id="A000010"/>
      </SUBACCOUNTS>
    </ACCOUNT>
    <ACCOUNT id="A000007" parentaccount="A000006" lastreconciled="" lastmodified="" institution="" opened="1900-01-01" number="" type="13" name="Abonnements" description="" currency="EUR"/>
    <ACCOUNT id="A000008" parentaccount="A000006" lastreconciled="" lastmodified="" institution="" opened="1900-01-01" number="" type="13" name="Bücher" description="" currency="EUR"/>
    <ACCOUNT id="A000009" parentaccount="A000006" lastreconciled="" lastmodified="" institution="" opened="1900-01-01" number="" type="13" name="Büroartikel" description="" currency="EUR"/>
    <ACCOUNT id="A000010" parentaccount="A000006" lastreconciled="" lastmodified="" institution="" opened="1900-01-01" number="" type="13" name="Zeitungen" description="" currency="EUR"/>
    <ACCOUNT id="A000011" parentaccount="AStd::Expense" lastreconciled="" lastmodified="" institution="" opened="1900-01-01" number="" type="13" name="Computer" description="" currency="EUR"/>
    <ACCOUNT id="A000012" parentaccount="AStd::Expense" lastreconciled="" lastmodified="" institution="" opened="1900-01-01" number="" type="13" name="Fahrtkosten" description="" currency="EUR">
      <SUBACCOUNTS>
        <SUBACCOUNT id="A000013"/>
      </SUBACCOUNTS>
    </ACCOUNT>
    <ACCOUNT id="A000013" parentaccount="A000012" lastreconciled="" lastmodified="" institution="" opened="1900-01-01" number="" type="13" name="Fahrkarten" description="" currency="EUR"/>
    <ACCOUNT id="A000014" parentaccount="AStd::Expense" lastreconciled="" lastmodified="" institution="" opened="1900-01-01" number="" type="13" name="Geschenke" description="" currency="EUR"/>
    <ACCOUNT id="A000015" parentaccount="AStd::Expense" lastreconciled="" lastmodified="" institution="" opened="1900-01-01" number="" type="13" name="Hobbies" description="" currency="EUR"/>
    <ACCOUNT id="A000016" parentaccount="AStd::Expense" lastreconciled="" lastmodified="" institution="" opened="1900-01-01" number="" type="13" name="Kleidung" description="" currency="EUR"/>
    <ACCOUNT id="A000017" parentaccount="AStd::Expense" lastreconciled="" lastmodified="" institution="" opened="1900-01-01" number="" type="13" name="Lebensmittel" description="" currency="EUR"/>
    <ACCOUNT id="A000018" parentaccount="AStd::Expense" lastreconciled="" lastmodified="" institution="" opened="1900-01-01" number="" type="13" name="Medikamente" description="" currency="EUR"/>
    <ACCOUNT id="A000019" parentaccount="AStd::Expense" lastreconciled="" lastmodified="" institution="" opened="1900-01-01" number="" type="13" name="Sonstiges" description="" currency="EUR">
      <SUBACCOUNTS>
        <SUBACCOUNT id="A000020"/>
        <SUBACCOUNT id="A000021"/>
      </SUBACCOUNTS>
    </ACCOUNT>
    <ACCOUNT id="A000020" parentaccount="A000019" lastreconciled="" lastmodified="2023-11-03" institution="" opened="1900-01-01" number="" type="13" name="Bankgebühren" description="" currency="EUR"/>
    <ACCOUNT id="A000021" parentaccount="A000019" lastreconciled="" lastmodified="" institution="" opened="1900-01-01" number="" type="13" name="Sonstiges" description="" currency="EUR"/>
    <ACCOUNT id="A000022" parentaccount="AStd::Expense" lastreconciled="" lastmodified="" institution="" opened="1900-01-01" number="" type="13" name="Spenden" description="" currency="EUR"/>
    <ACCOUNT id="A000023" parentaccount="AStd::Expense" lastreconciled="" lastmodified="" institution="" opened="1900-01-01" number="" type="13" name="Steuern" description="" currency="EUR">
      <SUBACCOUNTS>
        <SUBACCOUNT id="A000024"/>
        <SUBACCOUNT id="A000025"/>
        <SUBACCOUNT id="A000026"/>
        <SUBACCOUNT id="A000027"/>
        <SUBACCOUNT id="A000028"/>
        <SUBACCOUNT id="A000029"/>
        <SUBACCOUNT id="A000067"/>
      </SUBACCOUNTS>
    </ACCOUNT>
    <ACCOUNT id="A000024" parentaccount="A000023" lastreconciled="" lastmodified="" institution="" opened="1900-01-01" number="" type="13" name="Einkommensteuer" description="" currency="EUR"/>
    <ACCOUNT id="A000025" parentaccount="A000023" lastreconciled="" lastmodified="" institution="" opened="1900-01-01" number="" type="13" name="Pflegeversicherung" description="" currency="EUR"/>
    <ACCOUNT id="A000026" parentaccount="A000023" lastreconciled="" lastmodified="" institution="" opened="1900-01-01" number="" type="13" name="Rentenversicherung" description="" currency="EUR"/>
    <ACCOUNT id="A000027" parentaccount="A000023" lastreconciled="" lastmodified="" institution="" opened="1900-01-01" number="" type="13" name="Solidaritätszuschlag" description="" currency="EUR"/>
    <ACCOUNT id="A000028" parentaccount="A000023" lastreconciled="" lastmodified="" institution="" opened="1900-01-01" number="" type="13" name="Sonstige" description="" currency="EUR"/>
    <ACCOUNT id="A000029" parentaccount="A000023" lastreconciled="" lastmodified="" institution="" opened="1900-01-01" number="" type="13" name="Sozialabgaben" description="" currency="EUR"/>
    <ACCOUNT id="A000030" parentaccount="AStd::Expense" lastreconciled="" lastmodified="" institution="" opened="1900-01-01" number="" type="13" name="Telekommunikation" description="" currency="EUR">
      <SUBACCOUNTS>
        <SUBACCOUNT id="A000031"/>
        <SUBACCOUNT id="A000032"/>
        <SUBACCOUNT id="A000033"/>
      </SUBACCOUNTS>
    </ACCOUNT>
    <ACCOUNT id="A000031" parentaccount="A000030" lastreconciled="" lastmodified="" institution="" opened="1900-01-01" number="" type="13" name="Fernsehen" description="" currency="EUR"/>
    <ACCOUNT id="A000032" parentaccount="A000030" lastreconciled="" lastmodified="" institution="" opened="1900-01-01" number="" type="13" name="Online-Dienste" description="" currency="EUR"/>
    <ACCOUNT id="A000033" parentaccount="A000030" lastreconciled="" lastmodified="" institution="" opened="1900-01-01" number="" type="13" name="Telefon" description="" currency="EUR"/>
    <ACCOUNT id="A000034" parentaccount="AStd::Expense" lastreconciled="" lastmodified="" institution="" opened="1900-01-01" number="" type="13" name="Unterhaltung" description="" currency="EUR">
      <SUBACCOUNTS>
        <SUBACCOUNT id="A000035"/>
        <SUBACCOUNT id="A000036"/>
        <SUBACCOUNT id="A000037"/>
        <SUBACCOUNT id="A000038"/>
      </SUBACCOUNTS>
    </ACCOUNT>
    <ACCOUNT id="A000035" parentaccount="A000034" lastreconciled="" lastmodified="" institution="" opened="1900-01-01" number="" type="13" name="Ausgehen" description="" currency="EUR"/>
    <ACCOUNT id="A000036" parentaccount="A000034" lastreconciled="" lastmodified="" institution="" opened="1900-01-01" number="" type="13" name="Musik/Kino" description="" currency="EUR"/>
    <ACCOUNT id="A000037" parentaccount="A000034" lastreconciled="" lastmodified="" institution="" opened="1900-01-01" number="" type="13" name="Reisen" description="" currency="EUR"/>
    <ACCOUNT id="A000038" parentaccount="A000034" lastreconciled="" lastmodified="" institution="" opened="1900-01-01" number="" type="13" name="Sport" description="" currency="EUR"/>
    <ACCOUNT id="A000039" parentaccount="AStd::Expense" lastreconciled="" lastmodified="" institution="" opened="1900-01-01" number="" type="13" name="Versicherungen" description="" currency="EUR">
      <SUBACCOUNTS>
        <SUBACCOUNT id="A000040"/>
        <SUBACCOUNT id="A000041"/>
      </SUBACCOUNTS>
    </ACCOUNT>
    <ACCOUNT id="A000040" parentaccount="A000039" lastreconciled="" lastmodified="" institution="" opened="1900-01-01" number="" type="13" name="Haftpflicht" description="" currency="EUR"/>
    <ACCOUNT id="A000041" parentaccount="A000039" lastreconciled="" lastmodified="" institution="" opened="1900-01-01" number="" type="13" name="Krankenversicherung" description="" currency="EUR"/>
    <ACCOUNT id="A000042" parentaccount="AStd::Expense" lastreconciled="" lastmodified="" institution="" opened="1900-01-01" number="" type="13" name="Wohnen" description="" currency="EUR">
      <SUBACCOUNTS>
        <SUBACCOUNT id="A000043"/>
        <SUBACCOUNT id="A000044"/>
      </SUBACCOUNTS>
    </ACCOUNT>
    <ACCOUNT id="A000043" parentaccount="A000042" lastreconciled="" lastmodified="2025-03-01" institution="" opened="1900-01-01" number="" type="13" name="Miete" description="" currency="EUR"/>
    <ACCOUNT id="A000044" parentaccount="A000042" lastreconciled="" lastmodified="" institution="" opened="1900-01-01" number="" type="13" name="Nebenkosten" description="" currency="EUR">
      <SUBACCOUNTS>
        <SUBACCOUNT id="A000045"/>
        <SUBACCOUNT id="A000046"/>
        <SUBACCOUNT id="A000047"/>
        <SUBACCOUNT id="A000048"/>
      </SUBACCOUNTS>
    </ACCOUNT>
    <ACCOUNT id="A000045" parentaccount="A000044" lastreconciled="" lastmodified="" institution="" opened="1900-01-01" number="" type="13" name="Abfall" description="" currency="EUR"/>
    <ACCOUNT id="A000046" parentaccount="A000044" lastreconciled="" lastmodified="" institution="" opened="1900-01-01" number="" type="13" name="Gas" description="" currency="EUR"/>
    <ACCOUNT id="A000047" parentaccount="A000044" lastreconciled="" lastmodified="" institution="" opened="1900-01-01" number="" type="13" name="Strom" description="" currency="EUR"/>
    <ACCOUNT id="A000048" parentaccount="A000044" lastreconciled="" lastmodified="" institution="" opened="1900-01-01" number="" type="13" name="Wasser" description="" currency="EUR"/>
    <ACCOUNT id="A000049" parentaccount="AStd::Income" lastreconciled="" lastmodified="" institution="" opened="1900-01-01" number="" type="12" name="Gehalt" description="" currency="EUR">
      <SUBACCOUNTS>
        <SUBACCOUNT id="A000050"/>
        <SUBACCOUNT id="A000051"/>
      </SUBACCOUNTS>
    </ACCOUNT>
    <ACCOUNT id="A000050" parentaccount="A000049" lastreconciled="" lastmodified="2025-03-01" institution="" opened="1900-01-01" number="" type="12" name="Gehalt" description="" currency="EUR"/>
    <ACCOUNT id="A000051" parentaccount="A000049" lastreconciled="" lastmodified="2023-12-09" institution="" opened="1900-01-01" number="" type="12" name="Zulagen" description="" currency="EUR"/>
    <ACCOUNT id="A000052" parentaccount="AStd::Income" lastreconciled="" lastmodified="" institution="" opened="1900-01-01" number="" type="12" name="Geschenke" description="" currency="EUR"/>
    <ACCOUNT id="A000053" parentaccount="AStd::Income" lastreconciled="" lastmodified="2023-11-03" institution="" opened="1900-01-01" number="" type="12" name="Sonstiges" description="" currency="EUR"/>
    <ACCOUNT id="A000054" parentaccount="A000068" lastreconciled="" lastmodified="" institution="" opened="1900-01-01" number="" type="12" name="Zinsen" description="" currency="EUR">
      <SUBACCOUNTS>
        <SUBACCOUNT id="A000055"/>
        <SUBACCOUNT id="A000056"/>
        <SUBACCOUNT id="A000057"/>
      </SUBACCOUNTS>
    </ACCOUNT>
    <ACCOUNT id="A000055" parentaccount="A000054" lastreconciled="" lastmodified="" institution="" opened="1900-01-01" number="" type="12" name="Girokonto" description="" currency="EUR"/>
    <ACCOUNT id="A000056" parentaccount="A000054" lastreconciled="" lastmodified="" institution="" opened="1900-01-01" number="" type="12" name="Sonstige" description="" currency="EUR"/>
    <ACCOUNT id="A000057" parentaccount="A000054" lastreconciled="" lastmodified="" institution="" opened="1900-01-01" number="" type="12" name="Sparkonto" description="" currency="EUR"/>
    <ACCOUNT id="A000058" parentaccount="AStd::Liability" lastreconciled="" lastmodified="" institution="" opened="2023-10-14" number="" type="10" name="Barverbindlichkeiten" description="" currency="EUR">
      <SUBACCOUNTS>
        <SUBACCOUNT id="A000059"/>
      </SUBACCOUNTS>
    </ACCOUNT>
    <ACCOUNT id="A000059" parentaccount="A000058" lastreconciled="" lastmodified="" institution="" opened="2023-10-14" number="" type="4" name="Kreditkarte" description="" currency="EUR"/>
    <ACCOUNT id="A000061" parentaccount="AStd::Asset" lastreconciled="" lastmodified="" institution="" opened="2023-01-01" number="" type="9" name="Finanzanlagen" description="" currency="EUR">
      <SUBACCOUNTS>
        <SUBACCOUNT id="A000062"/>
      </SUBACCOUNTS>
    </ACCOUNT>
    <ACCOUNT id="A000062" parentaccount="A000061" lastreconciled="" lastmodified="" institution="I000001" opened="2023-01-01" number="" type="7" name="Depot RaiBa" description="Aktiendepot 1" currency="EUR">
      <SUBACCOUNTS>
        <SUBACCOUNT id="A000063"/>
        <SUBACCOUNT id="A000064"/>
        <SUBACCOUNT id="A000074"/>
      </SUBACCOUNTS>
      <KEYVALUEPAIRS>
        <PAIR key="iban" value="DE01 1234 2345 3456 4567 99"/>
      </KEYVALUEPAIRS>
    </ACCOUNT>
    <ACCOUNT id="A000063" parentaccount="A000062" lastreconciled="" lastmodified="2023-11-03" institution="" opened="2023-11-03" number="" type="15" name="DE0007164600 SAP" description="" currency="E000001"/>
    <ACCOUNT id="A000064" parentaccount="A000062" lastreconciled="" lastmodified="2024-06-01" institution="" opened="2023-10-27" number="" type="15" name="DE0007100000 Mercedes-Benz Group AG" description="" currency="E000002"/>
    <ACCOUNT id="A000065" parentaccount="A000003" lastreconciled="" lastmodified="2023-12-09" institution="" opened="2023-01-01" number="" type="3" name="Kasse Bodo" description="" currency="EUR"/>
    <ACCOUNT id="A000066" parentaccount="A000003" lastreconciled="" lastmodified="2023-12-09" institution="" opened="2023-01-01" number="" type="3" name="Kasse Ada" description="" currency="EUR"/>
    <ACCOUNT id="A000067" parentaccount="A000023" lastreconciled="" lastmodified="" institution="" opened="1900-01-01" number="" type="13" name="Kapitalertrag" description="" currency="EUR"/>
    <ACCOUNT id="A000068" parentaccount="AStd::Income" lastreconciled="" lastmodified="" institution="" opened="1900-01-01" number="" type="12" name="Kapitalerträge" description="" currency="EUR">
      <SUBACCOUNTS>
        <SUBACCOUNT id="A000054"/>
        <SUBACCOUNT id="A000069"/>
      </SUBACCOUNTS>
    </ACCOUNT>
    <ACCOUNT id="A000069" parentaccount="A000068" lastreconciled="" lastmodified="" institution="" opened="1900-01-01" number="" type="12" name="Dividende" description="" currency="EUR">
      <SUBACCOUNTS>
        <SUBACCOUNT id="A000070"/>
        <SUBACCOUNT id="A000071"/>
      </SUBACCOUNTS>
    </ACCOUNT>
    <ACCOUNT id="A000070" parentaccount="A000069" lastreconciled="" lastmodified="" institution="" opened="1900-01-01" number="" type="12" name="Inland" description="" currency="EUR"/>
    <ACCOUNT id="A000071" parentaccount="A000069" lastreconciled="" lastmodified="" institution="" opened="1900-01-01" number="" type="12" name="Ausland" description="" currency="EUR"/>
    <ACCOUNT id="A000072" parentaccount="AStd::Expense" lastreconciled="" lastmodified="" institution="" opened="1900-01-01" number="" type="13" name="Bank" description="" currency="EUR">
      <SUBACCOUNTS>
        <SUBACCOUNT id="A000073"/>
      </SUBACCOUNTS>
    </ACCOUNT>
    <ACCOUNT id="A000073" parentaccount="A000072" lastreconciled="" lastmodified="" institution="" opened="1900-01-01" number="" type="13" name="Provision" description="" currency="EUR"/>
    <ACCOUNT id="A000074" parentaccount="A000062" lastreconciled="" lastmodified="" institution="" opened="2025-04-12" number="" type="15" name="DE000BASF111 BASF SE" description="" currency="E000003"/>
  </ACCOUNTS>
  <TRANSACTIONS>
    <TRANSACTION id="T000000000000000001" postdate="2023-01-01" memo="" entrydate="2023-11-03" commodity="EUR">
      <SPLITS>
        <SPLIT id="S0001" payee="P000004" reconciledate="" action="" reconcileflag="0" value="10000/1" shares="10000/1" price="1/1" memo="" account="A000004" number="" bankid=""/>
        <SPLIT id="S0002" payee="P000004" reconciledate="" action="" reconcileflag="0" value="-10000/1" shares="-10000/1" price="1/1" memo="" account="A000053" number="" bankid=""/>
      </SPLITS>
    </TRANSACTION>
    <TRANSACTION id="T000000000000000002" postdate="2023-01-03" memo="" entrydate="2023-10-14" commodity="EUR">
      <SPLITS>
        <SPLIT id="S0001" payee="P000006" reconciledate="" action="" reconcileflag="0" value="1000/1" shares="1000/1" price="1/1" memo="Unfug und Quatsch GmbH Gehalt" account="A000004" number="0123" bankid="">
          <TAG id="G000002"/>
        </SPLIT>
        <SPLIT id="S0002" payee="P000006" reconciledate="" action="" reconcileflag="0" value="-1000/1" shares="-1000/1" price="1/1" memo="Unfug und Quatsch GmbH Gehalt" account="A000050" number="" bankid=""/>
      </SPLITS>
    </TRANSACTION>
    <TRANSACTION id="T000000000000000003" postdate="2023-01-04" memo="" entrydate="2023-12-09" commodity="EUR">
      <SPLITS>
        <SPLIT id="S0001" payee="P000007" reconciledate="" action="" reconcileflag="0" value="-150/1" shares="-150/1" price="1/1" memo="" account="A000004" number="" bankid="">
          <TAG id="G000001"/>
          <TAG id="G000002"/>
        </SPLIT>
        <SPLIT id="S0002" payee="P000007" reconciledate="" action="" reconcileflag="0" value="150/1" shares="150/1" price="1/1" memo="" account="A000043" number="" bankid=""/>
      </SPLITS>
    </TRANSACTION>
    <TRANSACTION id="T000000000000000004" postdate="2023-02-03" memo="" entrydate="2023-12-09" commodity="EUR">
      <SPLITS>
        <SPLIT id="S0001" payee="P000006" reconciledate="" action="" reconcileflag="0" value="1000/1" shares="1000/1" price="1/1" memo="" account="A000004" number="x762d" bankid="">
          <TAG id="G000001"/>
        </SPLIT>
        <SPLIT id="S0002" payee="P000006" reconciledate="" action="" reconcileflag="0" value="-1000/1" shares="-1000/1" price="1/1" memo="" account="A000050" number="" bankid=""/>
      </SPLITS>
    </TRANSACTION>
    <TRANSACTION id="T000000000000000005" postdate="2023-02-04" memo="" entrydate="2023-12-09" commodity="EUR">
      <SPLITS>
        <SPLIT id="S0001" payee="P000007" reconciledate="" action="" reconcileflag="0" value="-150/1" shares="-150/1" price="1/1" memo="" account="A000004" number="" bankid=""/>
        <SPLIT id="S0002" payee="P000007" reconciledate="" action="" reconcileflag="0" value="150/1" shares="150/1" price="1/1" memo="" account="A000043" number="" bankid=""/>
      </SPLITS>
    </TRANSACTION>
    <TRANSACTION id="T000000000000000006" postdate="2023-03-03" memo="" entrydate="2023-12-09" commodity="EUR">
      <SPLITS>
        <SPLIT id="S0001" payee="P000006" reconciledate="" action="" reconcileflag="0" value="1000/1" shares="1000/1" price="1/1" memo="" account="A000004" number="/$@d" bankid=""/>
        <SPLIT id="S0002" payee="P000006" reconciledate="" action="" reconcileflag="0" value="-1000/1" shares="-1000/1" price="1/1" memo="" account="A000050" number="" bankid=""/>
      </SPLITS>
    </TRANSACTION>
    <TRANSACTION id="T000000000000000007" postdate="2023-03-04" memo="" entrydate="2023-12-09" commodity="EUR">
      <SPLITS>
        <SPLIT id="S0001" payee="P000007" reconciledate="" action="" reconcileflag="0" value="-150/1" shares="-150/1" price="1/1" memo="" account="A000004" number="" bankid=""/>
        <SPLIT id="S0002" payee="P000007" reconciledate="" action="" reconcileflag="0" value="150/1" shares="150/1" price="1/1" memo="" account="A000043" number="" bankid=""/>
      </SPLITS>
    </TRANSACTION>
    <TRANSACTION id="T000000000000000008" postdate="2023-04-03" memo="" entrydate="2023-12-09" commodity="EUR">
      <SPLITS>
        <SPLIT id="S0001" payee="P000006" reconciledate="" action="" reconcileflag="0" value="1000/1" shares="1000/1" price="1/1" memo="" account="A000004" number="ÄÖÜß" bankid=""/>
        <SPLIT id="S0002" payee="P000006" reconciledate="" action="" reconcileflag="0" value="-1000/1" shares="-1000/1" price="1/1" memo="" account="A000050" number="" bankid=""/>
      </SPLITS>
    </TRANSACTION>
    <TRANSACTION id="T000000000000000009" postdate="2023-04-04" memo="" entrydate="2023-12-09" commodity="EUR">
      <SPLITS>
        <SPLIT id="S0001" payee="P000007" reconciledate="" action="" reconcileflag="0" value="-150/1" shares="-150/1" price="1/1" memo="" account="A000004" number="" bankid=""/>
        <SPLIT id="S0002" payee="P000007" reconciledate="" action="" reconcileflag="0" value="150/1" shares="150/1" price="1/1" memo="" account="A000043" number="" bankid=""/>
      </SPLITS>
    </TRANSACTION>
    <TRANSACTION id="T000000000000000010" postdate="2023-05-03" memo="" entrydate="2023-12-09" commodity="EUR">
      <SPLITS>
        <SPLIT id="S0001" payee="P000006" reconciledate="" action="" reconcileflag="0" value="1000/1" shares="1000/1" price="1/1" memo="" account="A000004" number="&lt;SPLIT&gt;" bankid=""/>
        <SPLIT id="S0002" payee="P000006" reconciledate="" action="" reconcileflag="0" value="-1000/1" shares="-1000/1" price="1/1" memo="" account="A000050" number="" bankid=""/>
      </SPLITS>
    </TRANSACTION>
    <TRANSACTION id="T000000000000000011" postdate="2023-05-04" memo="" entrydate="2023-12-09" commodity="EUR">
      <SPLITS>
        <SPLIT id="S0001" payee="P000007" reconciledate="" action="" reconcileflag="0" value="-150/1" shares="-150/1" price="1/1" memo="" account="A000004" number="" bankid=""/>
        <SPLIT id="S0002" payee="P000007" reconciledate="" action="" reconcileflag="0" value="150/1" shares="150/1" price="1/1" memo="" account="A000043" number="" bankid=""/>
      </SPLITS>
    </TRANSACTION>
    <TRANSACTION id="T000000000000000012" postdate="2023-06-03" memo="" entrydate="2023-12-09" commodity="EUR">
      <SPLITS>
        <SPLIT id="S0001" payee="P000006" reconciledate="" action="" reconcileflag="0" value="1000/1" shares="1000/1" price="1/1" memo="" account="A000004" number="" bankid=""/>
        <SPLIT id="S0002" payee="P000006" reconciledate="" action="" reconcileflag="0" value="-1000/1" shares="-1000/1" price="1/1" memo="" account="A000050" number="" bankid=""/>
      </SPLITS>
    </TRANSACTION>
    <TRANSACTION id="T000000000000000013" postdate="2023-06-03" memo="" entrydate="2023-12-09" commodity="EUR">
      <SPLITS>
        <SPLIT id="S0001" payee="P000006" reconciledate="" action="" reconcileflag="0" value="500/1" shares="500/1" price="1/1" memo="Prämie" account="A000004" number="" bankid=""/>
        <SPLIT id="S0002" payee="P000006" reconciledate="" action="" reconcileflag="0" value="-500/1" shares="-500/1" price="1/1" memo="Prämie" account="A000051" number="" bankid=""/>
      </SPLITS>
    </TRANSACTION>
    <TRANSACTION id="T000000000000000014" postdate="2023-06-04" memo="" entrydate="2023-12-09" commodity="EUR">
      <SPLITS>
        <SPLIT id="S0001" payee="P000007" reconciledate="" action="" reconcileflag="0" value="-150/1" shares="-150/1" price="1/1" memo="" account="A000004" number="" bankid=""/>
        <SPLIT id="S0002" payee="P000007" reconciledate="" action="" reconcileflag="0" value="150/1" shares="150/1" price="1/1" memo="" account="A000043" number="" bankid=""/>
      </SPLITS>
    </TRANSACTION>
    <TRANSACTION id="T000000000000000015" postdate="2023-10-14" memo="" entrydate="2023-10-14" commodity="EUR">
      <SPLITS>
        <SPLIT id="S0001" payee="P000003" reconciledate="" action="" reconcileflag="0" value="-150/1" shares="-150/1" price="1/1" memo="Bargeldauszahlung" account="A000004" number="5298" bankid=""/>
        <SPLIT id="S0002" payee="P000003" reconciledate="" action="" reconcileflag="0" value="150/1" shares="150/1" price="1/1" memo="Bargeldauszahlung" account="A000065" number="" bankid=""/>
      </SPLITS>
    </TRANSACTION>
    <TRANSACTION id="T000000000000000016" postdate="2023-10-14" memo="" entrydate="2023-12-09" commodity="EUR">
      <SPLITS>
        <SPLIT id="S0001" payee="P000008" reconciledate="" action="" reconcileflag="0" value="-95/1" shares="-95/1" price="1/1" memo="" account="A000065" number="" bankid=""/>
        <SPLIT id="S0002" payee="P000008" reconciledate="" action="" reconcileflag="0" value="95/1" shares="95/1" price="1/1" memo="" account="A000066" number="" bankid=""/>
      </SPLITS>
    </TRANSACTION>
    <TRANSACTION id="T000000000000000017" postdate="2023-10-27" memo="" entrydate="2023-11-03" commodity="EUR">
      <SPLITS>
        <SPLIT id="S0001" payee="" reconciledate="" action="" reconcileflag="0" value="-3931/2" shares="-3931/2" price="1/1" memo="" account="A000004" number="" bankid=""/>
        <SPLIT id="S0002" payee="" reconciledate="" action="" reconcileflag="0" value="21/2" shares="21/2" price="1/1" memo="" account="A000020" number="" bankid=""/>
        <SPLIT id="S0003" payee="" reconciledate="" action="Buy" reconcileflag="0" value="1955/1" shares="17/1" price="115/1" memo="" account="A000064" number="" bankid=""/>
      </SPLITS>
    </TRANSACTION>
    <TRANSACTION id="T000000000000000018" postdate="2023-11-03" memo="" entrydate="2023-11-03" commodity="EUR">
      <SPLITS>
        <SPLIT id="S0001" payee="" reconciledate="" action="" reconcileflag="0" value="-1810/1" shares="-1810/1" price="1/1" memo="" account="A000004" number="" bankid=""/>
        <SPLIT id="S0002" payee="" reconciledate="" action="" reconcileflag="0" value="10/1" shares="10/1" price="1/1" memo="" account="A000020" number="" bankid=""/>
        <SPLIT id="S0003" payee="" reconciledate="" action="Buy" reconcileflag="0" value="1800/1" shares="15/1" price="120/1" memo="" account="A000063" number="" bankid=""/>
      </SPLITS>
    </TRANSACTION>
    <TRANSACTION id="T000000000000000019" postdate="2024-06-01" memo="" entrydate="2024-06-01" commodity="EUR">
      <SPLITS>
        <SPLIT id="S0001" payee="" reconciledate="" action="Split" reconcileflag="0" value="0/1" shares="2/1" price="1/1" memo="" account="A000064" number="" bankid=""/>
      </SPLITS>
    </TRANSACTION>
  </TRANSACTIONS>
  <KEYVALUEPAIRS>
    <PAIR key="LastModificationDate" value="2025-10-03T11:25:34+02:00"/>
    <PAIR key="kmm-baseCurrency" value="EUR"/>
    <PAIR key="kmm-id" value="{1f7ec5d2-f982-48eb-9ae3-22095e2362ee}"/>
  </KEYVALUEPAIRS>
  <SCHEDULES/>
  <SECURITIES>
    <SECURITY id="E000001" name="SAP AG" symbol="SAP" type="0" rounding-method="7" saf="100" pp="2" trading-currency="EUR" trading-market="XETRA">
      <KEYVALUEPAIRS>
        <PAIR key="kmm-online-source" value="Finanztreff"/>
        <PAIR key="kmm-security-id" value="DE0007164600"/>
      </KEYVALUEPAIRS>
    </SECURITY>
    <SECURITY id="E000002" name="Mercedes-Benz Group AG" symbol="MBG" type="0" rounding-method="7" saf="100" pp="2" trading-currency="EUR" trading-market="XETRA">
      <KEYVALUEPAIRS>
        <PAIR key="kmm-security-id" value="DE0007100000"/>
      </KEYVALUEPAIRS>
    </SECURITY>
    <SECURITY id="E000003" name="BASF SE" symbol="BAS" type="0" rounding-method="7" saf="100" pp="2" trading-currency="EUR" trading-market="XETRA">
      <KEYVALUEPAIRS>
        <PAIR key="kmm-security-id" value="DE000BASF111"/>
      </KEYVALUEPAIRS>
    </SECURITY>
    <SECURITY id="E000004" name="The Coca Cola Co." symbol="KO" type="0" rounding-method="7" saf="100" pp="2" trading-currency="EUR" trading-market="XETRA">
      <KEYVALUEPAIRS>
        <PAIR key="kmm-online-source" value="Finanztreff"/>
        <PAIR key="kmm-security-id" value="US1912161007"/>
      </KEYVALUEPAIRS>
    </SECURITY>
  </SECURITIES>
  <CURRENCIES>
    <CURRENCY id="EUR" name="Euro" symbol="€" type="3" rounding-method="7" saf="100" pp="4" scf="100"/>
    <CURRENCY id="USD" name="US-Dollar" symbol="$" type="3" rounding-method="7" saf="100" pp="4" scf="100"/>
  </CURRENCIES>
  <PRICES>
    <PRICEPAIR from="E000001" to="EUR">
      <PRICE date="2012-03-05" price="5139/100" source="Benutzer"/>
      <PRICE date="2023-11-03" price="120/1" source="Transaction"/>
      <PRICE date="2023-11-07" price="239/2" source="User"/>
    </PRICEPAIR>
    <PRICEPAIR from="E000002" to="EUR">
      <PRICE date="2023-10-27" price="115/1" source="Transaction"/>
      <PRICE date="2023-11-01" price="233/2" source="User"/>
      <PRICE date="2024-06-01" price="233/4" source="User"/>
    </PRICEPAIR>
    <PRICEPAIR from="E000003" to="EUR">
      <PRICE date="2023-03-06" price="8651/200" source="Benutzer"/>
      <PRICE date="2023-04-01" price="45/1" source="Benutzer"/>
      <PRICE date="2023-05-01" price="451/10" source="Benutzer"/>
      <PRICE date="2023-06-01" price="226/5" source="Benutzer"/>
      <PRICE date="2023-07-01" price="453/10" source="Benutzer"/>
      <PRICE date="2023-08-01" price="459/10" source="Benutzer"/>
      <PRICE date="2023-09-01" price="46/1" source="Benutzer"/>
      <PRICE date="2023-10-01" price="461/10" source="Benutzer"/>
      <PRICE date="2023-11-01" price="231/5" source="Benutzer"/>
      <PRICE date="2023-12-01" price="463/10" source="Benutzer"/>
    </PRICEPAIR>
    <PRICEPAIR from="USD" to="EUR">
      <PRICE date="2023-11-01" price="91/100" source="Benutzer"/>
      <PRICE date="2023-12-01" price="23/25" source="Benutzer"/>
      <PRICE date="2023-12-04" price="23/25" source="User"/>
      <PRICE date="2024-01-01" price="93/100" source="Benutzer"/>
    </PRICEPAIR>
  </PRICES>
  <REPORTS/>
  <BUDGETS/>
  <ONLINEJOBS/>
</KMYMONEY-FILE>
